<record><leader>00000cas a22000007a 4500</leader><controlfield tag="001">12688783</controlfield><controlfield tag="008">851018d19151917wvuwr ne      0    0eng d</controlfield><datafield ind1=" " ind2=" " tag="010"><subfield code="a">sn 85059562 </subfield></datafield><datafield ind1=" " ind2=" " tag="040"><subfield code="a">WVC</subfield><subfield code="b">eng</subfield><subfield code="c">WVC</subfield><subfield code="d">NST</subfield><subfield code="d">OCL</subfield><subfield code="d">OCLCQ</subfield></datafield><datafield ind1=" " ind2=" " tag="012"><subfield code="i">9008</subfield></datafield><datafield ind1=" " ind2=" " tag="042"><subfield code="a">msc</subfield></datafield><datafield ind1="0" ind2=" " tag="130"><subfield code="a">Methodist advocate (Sutton, W. Va. : 1915)</subfield></datafield><datafield ind1="1" ind2="0" tag="245"><subfield code="a">Methodist advocate.</subfield></datafield><datafield ind1="1" ind2="3" tag="246"><subfield code="a">Methodist advocate Methodist layman's herald</subfield></datafield><datafield ind1=" " ind2=" " tag="260"><subfield code="a">Sutton, W. Va. :</subfield><subfield code="b">Methodist Herald Co.,</subfield><subfield code="c">1915-1917.</subfield></datafield><datafield ind1=" " ind2=" " tag="310"><subfield code="a">Weekly</subfield></datafield><datafield ind1="0" ind2=" " tag="362"><subfield code="a">Vol. 19, no. 28 (Oct. 14, 1915)-v. 21, no. 52 (Mar. 28, 1917).</subfield></datafield><datafield ind1=" " ind2=" " tag="500"><subfield code="a">Editor: Rev. W.I. Canter.</subfield></datafield><datafield ind1=" " ind2=" " tag="752"><subfield code="a">United States</subfield><subfield code="b">West Virginia</subfield><subfield code="c">Braxton</subfield><subfield code="d">Sutton.</subfield></datafield><datafield ind1="1" ind2="4" tag="780"><subfield code="t">Central Methodist advocate</subfield><subfield code="w">(DLC)sn 85059571</subfield></datafield><datafield ind1="1" ind2="4" tag="780"><subfield code="t">Methodist layman's herald</subfield><subfield code="w">(DLC)sn 85959561</subfield></datafield><datafield ind1="0" ind2="0" tag="785"><subfield code="t">Advocate-herald</subfield><subfield code="w">(DLC)sn 85059563</subfield></datafield><datafield ind1=" " ind2=" " tag="850"><subfield code="a">NcD</subfield></datafield></record>